%Use mrlookup
% Use ArXiv to Bibtex

@incollection {Ami13,
    AUTHOR = {Amiot, Claire},
     TITLE = {Preprojective algebras, singularity categories and orthogonal
              decompositions},
 BOOKTITLE = {Algebras, quivers and representations},
    SERIES = {Abel Symp.},
    VOLUME = {8},
     PAGES = {1--11},
 PUBLISHER = {Springer, Heidelberg},
      YEAR = {2013},
   MRCLASS = {18E30 (14F05 16E35 18F20)},
  MRNUMBER = {3183878},
       DOI = {10.1007/978-3-642-39485-0_1},
       URL = {http://dx.doi.org/10.1007/978-3-642-39485-0_1},
}

@article {Ami12,
    AUTHOR = {Amiot, Claire},
     TITLE = {A derived equivalence between cluster equivalent algebras},
   JOURNAL = {J. Algebra},
  FJOURNAL = {Journal of Algebra},
    VOLUME = {351},
      YEAR = {2012},
     PAGES = {107--129},
      ISSN = {0021-8693},
     CODEN = {JALGA4},
   MRCLASS = {16E35 (16G20)},
  MRNUMBER = {2862200},
MRREVIEWER = {Dong Yang},
       DOI = {10.1016/j.jalgebra.2011.11.009},
       URL = {http://dx.doi.org/10.1016/j.jalgebra.2011.11.009},
}


@incollection {Ami11,
    AUTHOR = {Amiot, Claire},
     TITLE = {On generalized cluster categories},
 BOOKTITLE = {Representations of algebras and related topics},
    SERIES = {EMS Ser. Congr. Rep.},
     PAGES = {1--53},
 PUBLISHER = {Eur. Math. Soc., Z\"urich},
      YEAR = {2011},
   MRCLASS = {16-02 (13F60 16E35 16G20 18B99)},
  MRNUMBER = {2931894},
       DOI = {10.4171/101-1/1},
       URL = {http://dx.doi.org/10.4171/101-1/1},
}

@article{Ara,
	AUTHOR = {Aranha, Dhyan}, 
	TITLE = {On Hochschild Cohomology, Koszul Duality and DG Categories},
}

@article {Art66,
    AUTHOR = {Artin, Michael},
     TITLE = {On isolated rational singularities of surfaces},
   JOURNAL = {Amer. J. Math.},
  FJOURNAL = {American Journal of Mathematics},
    VOLUME = {88},
      YEAR = {1966},
     PAGES = {129--136},
      ISSN = {0002-9327},
   MRCLASS = {14.18 (14.20)},
  MRNUMBER = {0199191},
MRREVIEWER = {P. Du Val},
}


@article {AIR15,
    AUTHOR = {Amiot, Claire and Iyama, Osamu and Reiten, Idun},
     TITLE = {Stable categories of {C}ohen-{M}acaulay modules and cluster
              categories},
   JOURNAL = {Amer. J. Math.},
  FJOURNAL = {American Journal of Mathematics},
    VOLUME = {137},
      YEAR = {2015},
    NUMBER = {3},
     PAGES = {813--857},
      ISSN = {0002-9327},
   MRCLASS = {18E30 (16E35 16G20)},
  MRNUMBER = {3357123},
       DOI = {10.1353/ajm.2015.0019},
       URL = {http://dx.doi.org/10.1353/ajm.2015.0019},
}

@article {AV85,
    AUTHOR = {Artin, Michael and Verdier, Jean-Louis},
     TITLE = {Reflexive modules over rational double points},
   JOURNAL = {Math. Ann.},
  FJOURNAL = {Mathematische Annalen},
    VOLUME = {270},
      YEAR = {1985},
    NUMBER = {1},
     PAGES = {79--82},
      ISSN = {0025-5831},
     CODEN = {MAANA},
   MRCLASS = {14B05 (13C13)},
  MRNUMBER = {769609},
MRREVIEWER = {Jonathan M. Wahl},
       DOI = {10.1007/BF01455531},
       URL = {http://dx.doi.org/10.1007/BF01455531},
}

@article {AZ94,
    AUTHOR = {Artin, M. and Zhang, J. J.},
     TITLE = {Noncommutative projective schemes},
   JOURNAL = {Adv. Math.},
  FJOURNAL = {Advances in Mathematics},
    VOLUME = {109},
      YEAR = {1994},
    NUMBER = {2},
     PAGES = {228--287},
      ISSN = {0001-8708},
     CODEN = {ADMTA4},
   MRCLASS = {14A22},
  MRNUMBER = {1304753},
MRREVIEWER = {Michel Van den Bergh},
       DOI = {10.1006/aima.1994.1087},
       URL = {http://dx.doi.org/10.1006/aima.1994.1087},
}

@book{ASS06,
  title={Elements of the Representation Theory of Associative Algebras: Volume 1: Techniques of Representation Theory},
  author={Assem, Ibrahim and Skowronski, Andrzej and Simson, Daniel},
  isbn={9781139443180},
  lccn={2004045885},
  series={London Mathematical Society Student Texts},
  url={http://books.google.ca/books?id=SKC79Pt\_c9EC},
  year={2006},
  publisher={Cambridge University Press}
}

@article {Aus62,
    AUTHOR = {Auslander, Maurice},
     TITLE = {On the purity of the branch locus},
   JOURNAL = {Amer. J. Math.},
  FJOURNAL = {American Journal of Mathematics},
    VOLUME = {84},
      YEAR = {1962},
     PAGES = {116--125},
      ISSN = {0002-9327},
   MRCLASS = {14.05 (13.95)},
  MRNUMBER = {0137733},
MRREVIEWER = {M. Nagata},
       DOI = {10.2307/2372807},
       URL = {https://doi.org/10.2307/2372807},
}

@article {Aus86,
    AUTHOR = {Auslander, Maurice},
     TITLE = {Rational singularities and almost split sequences},
   JOURNAL = {Trans. Amer. Math. Soc.},
  FJOURNAL = {Transactions of the American Mathematical Society},
    VOLUME = {293},
      YEAR = {1986},
    NUMBER = {2},
     PAGES = {511--531},
      ISSN = {0002-9947},
     CODEN = {TAMTAM},
   MRCLASS = {16A64 (14B05)},
  MRNUMBER = {816307},
MRREVIEWER = {Alfred G. Wiedemann},
       DOI = {10.2307/2000019},
       URL = {http://dx.doi.org/10.2307/2000019},
}

@article {AG60,
    AUTHOR = {Auslander, Maurice and Goldman, Oscar},
     TITLE = {The {B}rauer group of a commutative ring},
   JOURNAL = {Trans. Amer. Math. Soc.},
  FJOURNAL = {Transactions of the American Mathematical Society},
    VOLUME = {97},
      YEAR = {1960},
     PAGES = {367--409},
      ISSN = {0002-9947},
   MRCLASS = {18.00 (16.00)},
  MRNUMBER = {0121392},
MRREVIEWER = {T. Nakayama},
       DOI = {10.2307/1993378},
       URL = {https://doi.org/10.2307/1993378},
}


@article {ARS97,
	AUTHOR = {Auslander, Maurice and Reiten, Idun, and Smal√∏, Sverre},
	TITLE = {Representation Theory of Artin Algebras},
	YEAR = {1997}
	PUBLISHER={Cambridge University Press}
}


@article {AR89,
    AUTHOR = {Auslander, Maurice and Reiten, Idun},
     TITLE = {The {C}ohen-{M}acaulay type of {C}ohen-{M}acaulay rings},
   JOURNAL = {Adv. in Math.},
  FJOURNAL = {Advances in Mathematics},
    VOLUME = {73},
      YEAR = {1989},
    NUMBER = {1},
     PAGES = {1--23},
      ISSN = {0001-8708},
     CODEN = {ADMTA4},
   MRCLASS = {13E15 (13H10 16A64)},
  MRNUMBER = {979585},
MRREVIEWER = {Alfred G. Wiedemann},
       DOI = {10.1016/0001-8708(89)90057-1},
       URL = {http://dx.doi.org/10.1016/0001-8708(89)90057-1},
}

@book {ARS97,
    AUTHOR = {Auslander, Maurice and Reiten, Idun and Smal{\o}, Sverre O.},
     TITLE = {Representation theory of {A}rtin algebras},
    SERIES = {Cambridge Studies in Advanced Mathematics},
    VOLUME = {36},
      NOTE = {Corrected reprint of the 1995 original},
 PUBLISHER = {Cambridge University Press, Cambridge},
      YEAR = {1997},
     PAGES = {xiv+425},
      ISBN = {0-521-41134-3; 0-521-59923-7},
   MRCLASS = {16Gxx (16-02)},
  MRNUMBER = {1476671},
}

@article {BL17,
    AUTHOR = {Bautista, Raymundo and Liu, Shiping},
     TITLE = {The bounded derived categories of an algebra with radical squared zero},
   JOURNAL = {J. Algebra},
      YEAR = {2017},
     PAGES = {307--345},
}

@article {BL14,
	AUTHOR = {Bautista, Raymundo and Liu, Shiping},
	TITLE = {Covering theory for linear categories with application to derived categories},
	JOURNAL = {J. Algebra},
	YEAR = {2014},
	PAGES = {173--225},
}

@article {BGL87,
	AUTHOR = {Baer, Dagmar and Geigle, Werner and Lenzing, Helmut},
	TITLE = {The preprojective algebra of a tame hereditary {A}rtin
	algebra},
	JOURNAL = {Comm. Algebra},
	FJOURNAL = {Communications in Algebra},
	VOLUME = {15},
	YEAR = {1987},
	NUMBER = {1-2},
	PAGES = {425--457},
	ISSN = {0092-7872},
	CODEN = {COALDM},
	MRCLASS = {16A64 (16A62)},
	MRNUMBER = {876985},
	MRREVIEWER = {Idun Reiten},
	DOI = {10.1080/00927878708823425},
	URL = {http://dx.doi.org/10.1080/00927878708823425},
}


@article {Bar97,
    AUTHOR = {Bardzell, Michael J.},
     TITLE = {The alternating syzygy behavior of monomial algebras},
   JOURNAL = {J. Algebra},
  FJOURNAL = {Journal of Algebra},
    VOLUME = {188},
      YEAR = {1997},
    NUMBER = {1},
     PAGES = {69--89},
      ISSN = {0021-8693},
     CODEN = {JALGA4},
   MRCLASS = {16E40 (16G20)},
  MRNUMBER = {1432347 (98a:16009)},
MRREVIEWER = {D. Zacharia},
       DOI = {10.1006/jabr.1996.6813},
       URL = {http://dx.doi.org/10.1006/jabr.1996.6813},
}

@article {BGG78,
	AUTHOR = {Bernstein, I. N. and Gel{\cprime}fand, I. M. and Gel{\cprime}fand, S. I.},
	TITLE = {Algebraic vector bundles on {${\bf P}\sp{n}$}\ and problems of
	linear algebra},
	JOURNAL = {Funktsional. Anal. i Prilozhen.},
	FJOURNAL = {Akademiya Nauk SSSR. Funktsional\cprime ny\u\i \ Analiz i ego
	Prilozheniya},
	VOLUME = {12},
	YEAR = {1978},
	NUMBER = {3},
	PAGES = {66--67},
	ISSN = {0374-1990},
	MRCLASS = {14F05 (18F15)},
	MRNUMBER = {509387},
	MRREVIEWER = {P. E. Newstead},
}

@article {BGS96,
    AUTHOR = {Beilinson, Alexander and Ginzburg, Victor and Soergel,
              Wolfgang},
     TITLE = {Koszul duality patterns in representation theory},
   JOURNAL = {J. Amer. Math. Soc.},
  FJOURNAL = {Journal of the American Mathematical Society},
    VOLUME = {9},
      YEAR = {1996},
    NUMBER = {2},
     PAGES = {473--527},
      ISSN = {0894-0347},
   MRCLASS = {17B10 (14F10 16W50)},
  MRNUMBER = {1322847 (96k:17010)},
MRREVIEWER = {Rolf K{\"a}llstr{\"o}m},
       DOI = {10.1090/S0894-0347-96-00192-0},
       URL = {http://dx.doi.org/10.1090/S0894-0347-96-00192-0},
}

@article {Boc08,
    AUTHOR = {Bocklandt, Raf},
     TITLE = {Graded {C}alabi {Y}au algebras of dimension 3},
   JOURNAL = {J. Pure Appl. Algebra},
  FJOURNAL = {Journal of Pure and Applied Algebra},
    VOLUME = {212},
      YEAR = {2008},
    NUMBER = {1},
     PAGES = {14--32},
      ISSN = {0022-4049},
     CODEN = {JPAAA2},
   MRCLASS = {16E65 (18G10)},
  MRNUMBER = {2355031 (2008h:16013)},
MRREVIEWER = {Changchang Xi},
       DOI = {10.1016/j.jpaa.2007.03.009},
       URL = {http://dx.doi.org/10.1016/j.jpaa.2007.03.009},
}

@article {Bon89,
	AUTHOR = {Bondal, A. I.},
	TITLE = {Representations of associative algebras and coherent sheaves},
	JOURNAL = {Izv. Akad. Nauk SSSR Ser. Mat.},
	FJOURNAL = {Izvestiya Akademii Nauk SSSR. Seriya Matematicheskaya},
	VOLUME = {53},
	YEAR = {1989},
	NUMBER = {1},
	PAGES = {25--44},
	ISSN = {0373-2436},
	MRCLASS = {14F05},
	MRNUMBER = {992977},
	MRREVIEWER = {Michael M. Kapranov},
}

@incollection {Bon90,
	AUTHOR = {Bondal, A. I.},
	TITLE = {Helices, representations of quivers and {K}oszul algebras},
	BOOKTITLE = {Helices and vector bundles},
	SERIES = {London Math. Soc. Lecture Note Ser.},
	VOLUME = {148},
	PAGES = {75--95},
	PUBLISHER = {Cambridge Univ. Press, Cambridge},
	YEAR = {1990},
	MRCLASS = {14F05 (16G20 18G10)},
	MRNUMBER = {1074784},
	MRREVIEWER = {Alastair King},
	URL = {https://doi.org/10.1017/CBO9780511721526.008},
}

@article {BP93,
	AUTHOR = {Bondal, A. I. and Polishchuk, A. E.},
	TITLE = {Homological properties of associative algebras: the method of
	helices},
	JOURNAL = {Izv. Ross. Akad. Nauk Ser. Mat.},
	FJOURNAL = {Rossi\u\i skaya Akademiya Nauk. Izvestiya. Seriya
	Matematicheskaya},
	VOLUME = {57},
	YEAR = {1993},
	NUMBER = {2},
	PAGES = {3--50},
	ISSN = {1607-0046},
	MRCLASS = {16E99 (14F05 14J45 18F20 18G50)},
	MRNUMBER = {1230966},
	URL = {https://doi.org/10.1070/IM1994v042n02ABEH001536},
}

@article {BSW10,
    AUTHOR = {Bocklandt, Raf and Schedler, Travis and Wemyss, Michael},
     TITLE = {Superpotentials and higher order derivations},
   JOURNAL = {J. Pure Appl. Algebra},
  FJOURNAL = {Journal of Pure and Applied Algebra},
    VOLUME = {214},
      YEAR = {2010},
    NUMBER = {9},
     PAGES = {1501--1522},
      ISSN = {0022-4049},
     CODEN = {JPAAA2},
   MRCLASS = {16G20 (14E16 16S35)},
  MRNUMBER = {2593679 (2011e:16022)},
MRREVIEWER = {Jon Eivind Vatne},
       DOI = {10.1016/j.jpaa.2009.07.013},
       URL = {http://dx.doi.org/10.1016/j.jpaa.2009.07.013},
}

@article {Bon83,
    AUTHOR = {Bongartz, Klaus},
     TITLE = {Algebras and quadratic forms},
   JOURNAL = {J. London Math. Soc. (2)},
  FJOURNAL = {Journal of the London Mathematical Society. Second Series},
    VOLUME = {28},
      YEAR = {1983},
    NUMBER = {3},
     PAGES = {461--469},
      ISSN = {0024-6107},
     CODEN = {JLMSAK},
   MRCLASS = {16A64 (16A46)},
  MRNUMBER = {724715 (85i:16036)},
MRREVIEWER = {Sheila Brenner},
       DOI = {10.1112/jlms/s2-28.3.461},
       URL = {http://dx.doi.org/10.1112/jlms/s2-28.3.461},
}

@article {BG82,
	AUTHOR = {Bongartz, K. and Gabriel, P.},
	TITLE = {Covering spaces in representation-theory},
	JOURNAL = {Invent. Math.},
	FJOURNAL = {Inventiones Mathematicae},
	VOLUME = {65},
	YEAR = {1981/82},
	NUMBER = {3},
	PAGES = {331--378},
	ISSN = {0020-9910},
	MRCLASS = {16A64},
	MRNUMBER = {643558},
	DOI = {10.1007/BF01396624},
	URL = {https://doi.org/10.1007/BF01396624},
}


@article {BKR01,
    AUTHOR = {Bridgeland, Tom and King, Alastair and Reid, Miles},
     TITLE = {The {M}c{K}ay correspondence as an equivalence of derived
              categories},
   JOURNAL = {J. Amer. Math. Soc.},
  FJOURNAL = {Journal of the American Mathematical Society},
    VOLUME = {14},
      YEAR = {2001},
    NUMBER = {3},
     PAGES = {535--554 (electronic)},
      ISSN = {0894-0347},
   MRCLASS = {14E15 (14F05 14J30 18E30 19L47)},
  MRNUMBER = {1824990 (2002f:14023)},
MRREVIEWER = {Ana Jerem{\'{\i}}as L{\'o}pez},
       DOI = {10.1090/S0894-0347-01-00368-X},
       URL = {http://dx.doi.org/10.1090/S0894-0347-01-00368-X},
}

@misc{BH,
Author = {Ragnar-Olaf Buchweitz and Lutz Hille},
Title = {},
Journal = {},
Year = {In preparation},
}

@article {BGSS08,
	AUTHOR = {Buchweitz, Ragnar-Olaf and Green, Edward L. and Snashall,
	Nicole and Solberg, {\O}yvind},
	TITLE = {Multiplicative structures for {K}oszul algebras},
	JOURNAL = {Q. J. Math.},
	FJOURNAL = {The Quarterly Journal of Mathematics},
	VOLUME = {59},
	YEAR = {2008},
	NUMBER = {4},
	PAGES = {441--454},
	ISSN = {0033-5606},
	MRCLASS = {16S37 (16E40)},
	MRNUMBER = {2461267},
	MRREVIEWER = {Petter Andreas Bergh},
	URL = {https://doi.org/10.1093/qmath/ham056},
}


@article {BIKR08,
    AUTHOR = {Burban, Igor and Iyama, Osamu and Keller, Bernhard and Reiten,
              Idun},
     TITLE = {Cluster tilting for one-dimensional hypersurface
              singularities},
   JOURNAL = {Adv. Math.},
  FJOURNAL = {Advances in Mathematics},
    VOLUME = {217},
      YEAR = {2008},
    NUMBER = {6},
     PAGES = {2443--2484},
      ISSN = {0001-8708},
     CODEN = {ADMTA4},
   MRCLASS = {16G10 (14E15 16E35)},
  MRNUMBER = {2397457 (2010d:16012)},
       DOI = {10.1016/j.aim.2007.10.007},
       URL = {http://dx.doi.org/10.1016/j.aim.2007.10.007},
}

@incollection {BD08,
    AUTHOR = {Burban, Igor and Drozd, Yuriy},
     TITLE = {Maximal {C}ohen-{M}acaulay modules over surface singularities},
 BOOKTITLE = {Trends in representation theory of algebras and related
              topics},
    SERIES = {EMS Ser. Congr. Rep.},
     PAGES = {101--166},
 PUBLISHER = {Eur. Math. Soc., Z\"urich},
      YEAR = {2008},
   MRCLASS = {13C14 (14B05)},
  MRNUMBER = {2484725},
MRREVIEWER = {Marcel Morales},
       DOI = {10.4171/062-1/3},
       URL = {http://dx.doi.org/10.4171/062-1/3},
}

@misc{BS15,
Author = {Jesse Burke and Greg Stevenson},
Title = {The derived category of a graded Gorenstein ring},
Year = {2015},
Eprint = {arXiv:1507.00830},
}

@misc{CK09,
	Author = {Xiao-Wu Chen and Henning Krause},
	Title = {Introduction to coherent sheaves on weighted projective lines},
	Year = {2009},
	Eprint = {arXiv:0911.4473},
}

@misc{Cra08,
Author = {Alastair Craw},
Title = {Quiver representations in toric geometry},
Year = {2008},
Eprint = {arXiv:0807.2191},
}

@incollection {CIB98,
    AUTHOR = {Cibils, Claude},
	TITLE = {Hochschild cohomology algebra of radical square zero algebras.},
	BOOKTITLE = {Algebras and modules, II (Geiranger, 1996)},
	YEAR = {1998},
	PAGES = {93--101},
}


@article {CMT07a,
    AUTHOR = {Craw, Alastair and Maclagan, Diane and Thomas, Rekha R.},
     TITLE = {Moduli of {M}c{K}ay quiver representations. {I}. {T}he
              coherent component},
   JOURNAL = {Proc. Lond. Math. Soc. (3)},
  FJOURNAL = {Proceedings of the London Mathematical Society. Third Series},
    VOLUME = {95},
      YEAR = {2007},
    NUMBER = {1},
     PAGES = {179--198},
      ISSN = {0024-6115},
   MRCLASS = {16G20 (14M25)},
  MRNUMBER = {2329551 (2009f:16028)},
       DOI = {10.1112/plms/pdm009},
       URL = {http://dx.doi.org/10.1112/plms/pdm009},
}

@article {CMT07b,
    AUTHOR = {Craw, Alastair and Maclagan, Diane and Thomas, Rekha R.},
     TITLE = {Moduli of {M}c{K}ay quiver representations. {II}. {G}r\"obner
              basis techniques},
   JOURNAL = {J. Algebra},
  FJOURNAL = {Journal of Algebra},
    VOLUME = {316},
      YEAR = {2007},
    NUMBER = {2},
     PAGES = {514--535},
      ISSN = {0021-8693},
     CODEN = {JALGA4},
   MRCLASS = {16G20 (13P10 14D20 14M25)},
  MRNUMBER = {2356842 (2009i:16026)},
       DOI = {10.1016/j.jalgebra.2007.02.014},
       URL = {http://dx.doi.org/10.1016/j.jalgebra.2007.02.014},
}


@article {CQV12,
    AUTHOR = {Craw, Alastair and Quintero V{\'e}lez, Alexander},
     TITLE = {Cellular resolutions of noncommutative toric algebras from
              superpotentials},
   JOURNAL = {Adv. Math.},
  FJOURNAL = {Advances in Mathematics},
    VOLUME = {229},
      YEAR = {2012},
    NUMBER = {3},
     PAGES = {1516--1554},
      ISSN = {0001-8708},
     CODEN = {ADMTA4},
   MRCLASS = {16S38 (14A22 14M25)},
  MRNUMBER = {2871148},
MRREVIEWER = {Graham J. Leuschke},
       DOI = {10.1016/j.aim.2011.11.012},
       URL = {http://dx.doi.org/10.1016/j.aim.2011.11.012},
}

@article {CB99,
    AUTHOR = {Crawley-Boevey, William},
     TITLE = {Preprojective algebras, differential operators and a {C}onze
              embedding for deformations of {K}leinian singularities},
   JOURNAL = {Comment. Math. Helv.},
  FJOURNAL = {Commentarii Mathematici Helvetici},
    VOLUME = {74},
      YEAR = {1999},
    NUMBER = {4},
     PAGES = {548--574},
      ISSN = {0010-2571},
     CODEN = {COMHAX},
   MRCLASS = {16G20 (16S32)},
  MRNUMBER = {1730657 (2001c:16028)},
MRREVIEWER = {Michel Van den Bergh},
       DOI = {10.1007/s000140050105},
       URL = {http://dx.doi.org/10.1007/s000140050105},
}

@article {CBH98,
    AUTHOR = {Crawley-Boevey, William and Holland, Martin P.},
     TITLE = {Noncommutative deformations of {K}leinian singularities},
   JOURNAL = {Duke Math. J.},
  FJOURNAL = {Duke Mathematical Journal},
    VOLUME = {92},
      YEAR = {1998},
    NUMBER = {3},
     PAGES = {605--635},
      ISSN = {0012-7094},
     CODEN = {DUMJAO},
   MRCLASS = {14B07 (16G10)},
  MRNUMBER = {1620538},
MRREVIEWER = {Michel Van den Bergh},
       DOI = {10.1215/S0012-7094-98-09218-3},
       URL = {http://dx.doi.org/10.1215/S0012-7094-98-09218-3},
}

@incollection {DR80,
    AUTHOR = {Dlab, Vlastimil and Ringel, Claus Michael},
     TITLE = {The preprojective algebra of a modulated graph},
 BOOKTITLE = {Representation theory, {II} ({P}roc. {S}econd {I}nternat.
              {C}onf., {C}arleton {U}niv., {O}ttawa, {O}nt., 1979)},
    SERIES = {Lecture Notes in Math.},
    VOLUME = {832},
     PAGES = {216--231},
 PUBLISHER = {Springer, Berlin-New York},
      YEAR = {1980},
   MRCLASS = {16A64},
  MRNUMBER = {607155},
MRREVIEWER = {Sheila Brenner},
}

@article{DuV34, title={On isolated singularities of surfaces which do not affect the conditions of adjunction}, volume={30}, DOI={10.1017/S030500410001269X}, number={4}, journal={Mathematical Proceedings of the Cambridge Philosophical Society}, publisher={Cambridge University Press}, author={Du Val, Patrick}, year={1934}, pages={453‚Äì459}}

@article {EK85,
    AUTHOR = {Esnault, H{\'e}l{\`e}ne and Kn{\"o}rrer, Horst},
     TITLE = {Reflexive modules over rational double points},
   JOURNAL = {Math. Ann.},
  FJOURNAL = {Mathematische Annalen},
    VOLUME = {272},
      YEAR = {1985},
    NUMBER = {4},
     PAGES = {545--548},
      ISSN = {0025-5831},
     CODEN = {MAANA},
   MRCLASS = {14B05 (13C13)},
  MRNUMBER = {807289},
MRREVIEWER = {Jonathan M. Wahl},
       DOI = {10.1007/BF01455865},
       URL = {http://dx.doi.org/10.1007/BF01455865},
}

@book{Eis95,
  author = {Eisenbud, David},
  title = {Commutative algebra with a view toward algebraic geometry},
  year = {1995},
  publisher = {Springer-Verlag, New York},
  series = {Graduate Texts in Mathematics},
  volume = {150},
}

@article {EE07,
    AUTHOR = {Etingof, Pavel and Eu, Ching-Hwa},
     TITLE = {Koszulity and the {H}ilbert series of preprojective algebras},
   JOURNAL = {Math. Res. Lett.},
  FJOURNAL = {Mathematical Research Letters},
    VOLUME = {14},
      YEAR = {2007},
    NUMBER = {4},
     PAGES = {589--596},
      ISSN = {1073-2780},
   MRCLASS = {16G20},
  MRNUMBER = {2335985},
MRREVIEWER = {Fl{\'a}vio Ulhoa Coelho},
       DOI = {10.4310/MRL.2007.v14.n4.a4},
       URL = {http://dx.doi.org/10.4310/MRL.2007.v14.n4.a4},
}

@article {EFS03,
	AUTHOR = {Eisenbud, David and Fl{\o}ystad, Gunnar and Schreyer, Frank-Olaf},
	TITLE = {Sheaf cohomology and free resolutions over exterior algebras},
	JOURNAL = {Trans. Amer. Math. Soc.},
	FJOURNAL = {Transactions of the American Mathematical Society},
	VOLUME = {355},
	YEAR = {2003},
	NUMBER = {11},
	PAGES = {4397--4426},
	ISSN = {0002-9947},
	MRCLASS = {14F05 (13D02)},
	MRNUMBER = {1990756},
	MRREVIEWER = {David A. Jorgensen},
	URL = {https://doi.org/10.1090/S0002-9947-03-03291-4},
}

@article {G83,
	AUTHOR = {Green, Edward L.},
	TITLE = {Graphs with relations, coverings and group-graded algebras},
	JOURNAL = {Trans. Amer. Math. Soc.},
	FJOURNAL = {Transactions of the American Mathematical Society},
	VOLUME = {279},
	YEAR = {1983},
	NUMBER = {1},
	PAGES = {297--310},
	ISSN = {0002-9947},
	MRCLASS = {16A64 (05C20 16A03 16A90 57M10)},
	MRNUMBER = {704617},
	MRREVIEWER = {Christine Riedtmann},
	DOI = {10.2307/1999386},
	URL = {https://doi.org/10.2307/1999386},
}

@article {Kel94,
    AUTHOR = {Keller, Bernhard},
     TITLE = {Deriving {DG} categories},
   JOURNAL = {Ann. Sci. \'Ecole Norm. Sup. (4)},
  FJOURNAL = {Annales Scientifiques de l'\'Ecole Normale Sup\'erieure. Quatri\`eme
              S\'erie},
    VOLUME = {27},
      YEAR = {1994},
    NUMBER = {1},
     PAGES = {63--102},
      ISSN = {0012-9593},
   MRCLASS = {18E30 (16D90)},
  MRNUMBER = {1258406},
MRREVIEWER = {Jeremy Rickard},
       URL = {http://www.numdam.org/item?id=ASENS_1994_4_27_1_63_0},
}

@incollection {Kel06,
	AUTHOR = {Keller, Bernhard},
	TITLE = {On differential graded categories},
	BOOKTITLE = {International {C}ongress of {M}athematicians. {V}ol. {II}},
	PAGES = {151--190},
	PUBLISHER = {Eur. Math. Soc., Z\"urich},
	YEAR = {2006},
	MRCLASS = {18E30 (14A22 16D90)},
	MRNUMBER = {2275593},
	MRREVIEWER = {Volodymyr V. Lyubashenko},
}

@article{Kel04,
	author = {Keller, Bernhard},
	title = {DERIVED INVARIANCE OF HIGHER STRUCTURES ON THE HOCHSCHILD COMPLEX},
	year = {2004},
	eprint = {}
}


@article{Kel05,
	author = {Keller, Bernhard},
	title = {On triangulated orbit categories},
	JOURNAL = {Doc. Math.},
	year = {2005}
}

@incollection {GL87,
    AUTHOR = {Geigle, Werner and Lenzing, Helmut},
     TITLE = {A class of weighted projective curves arising in
              representation theory of finite-dimensional algebras},
 BOOKTITLE = {Singularities, representation of algebras, and vector bundles
              ({L}ambrecht, 1985)},
    SERIES = {Lecture Notes in Math.},
    VOLUME = {1273},
     PAGES = {265--297},
 PUBLISHER = {Springer, Berlin},
      YEAR = {1987},
   MRCLASS = {14H45 (14F05 16A64)},
  MRNUMBER = {915180},
MRREVIEWER = {Alfred G. Wiedemann},
       DOI = {10.1007/BFb0078849},
       URL = {http://dx.doi.org/10.1007/BFb0078849},
}

@article {GL91,
	AUTHOR = {Geigle, Werner and Lenzing, Helmut},
	TITLE = {Perpendicular categories with applications to representations
	and sheaves},
	JOURNAL = {J. Algebra},
	FJOURNAL = {Journal of Algebra},
	VOLUME = {144},
	YEAR = {1991},
	NUMBER = {2},
	PAGES = {273--343},
	ISSN = {0021-8693},
	MRCLASS = {16D90 (16G20 18E10 18E30 18E35)},
	MRNUMBER = {1140607},
	MRREVIEWER = {Jeremy Rickard},
	DOI = {10.1016/0021-8693(91)90107-J},
	URL = {http://dx.doi.org/10.1016/0021-8693(91)90107-J},
}

@incollection {Gei06,
	AUTHOR = {Gei\ss , Christof},
	TITLE = {Introduction to moduli spaces associated to quivers (with an
	appendix by {L}ieven {L}e {B}ruyn and {M}arkus {R}eineke)},
	BOOKTITLE = {Trends in representation theory of algebras and related
	topics},
	SERIES = {Contemp. Math.},
	VOLUME = {406},
	PAGES = {31--50},
	NOTE = {With an appendix by Lieven Le Bruyn and Markus Reineke},
	PUBLISHER = {Amer. Math. Soc., Providence, RI},
	YEAR = {2006},
	MRCLASS = {16G20 (14D20 93B25)},
	MRNUMBER = {2258040},
	MRREVIEWER = {Oleg Gleizer},
	DOI = {10.1090/conm/406/07652},
	URL = {https://doi.org/10.1090/conm/406/07652},
}

@preamble{
   "\def\cprime{$'$} "
}
@article {GP79,
    AUTHOR = {Gel{\cprime}fand, I. M. and Ponomarev, V. A.},
     TITLE = {Model algebras and representations of graphs},
   JOURNAL = {Funktsional. Anal. i Prilozhen.},
  FJOURNAL = {Akademiya Nauk SSSR. Funktsional\cprime ny\u\i\ Analiz i ego
              Prilozheniya},
    VOLUME = {13},
      YEAR = {1979},
    NUMBER = {3},
     PAGES = {1--12},
      ISSN = {0374-1990},
   MRCLASS = {16A64 (05C05)},
  MRNUMBER = {545362},
MRREVIEWER = {V. Dlab},
}

@article{Gin06,
    author = {Victor Ginzburg},
    title = {Calabi-{Y}au Algebras},
    year = {2006},
    eprint = {arXiv:math/0612139}
  }
  
  @article {GSV81,
    AUTHOR = {Gonz{\'a}lez-Sprinberg, Gerardo and Verdier, Jean-Louis},
     TITLE = {Points doubles rationnels et repr\'esentations de groupes},
   JOURNAL = {C. R. Acad. Sci. Paris S\'er. I Math.},
  FJOURNAL = {Comptes Rendus des S\'eances de l'Acad\'emie des Sciences.
              S\'erie I. Math\'ematique},
    VOLUME = {293},
      YEAR = {1981},
    NUMBER = {2},
     PAGES = {111--113},
      ISSN = {0249-6321},
     CODEN = {CHASAP},
   MRCLASS = {14B05 (14J17 20G05)},
  MRNUMBER = {637103},
}

@incollection {GMV98,
    AUTHOR = {Green, Edward L. and Mart{\'{\i}}nez-Villa, Roberto},
     TITLE = {Koszul and {Y}oneda algebras. {II}},
 BOOKTITLE = {Algebras and modules, {II} ({G}eiranger, 1996)},
    SERIES = {CMS Conf. Proc.},
    VOLUME = {24},
     PAGES = {227--244},
 PUBLISHER = {Amer. Math. Soc., Providence, RI},
      YEAR = {1998},
   MRCLASS = {16W50 (16G20)},
  MRNUMBER = {1648629 (99k:16091)},
MRREVIEWER = {Alexander E. Polishchuk},
}

@article {Guo12,
    AUTHOR = {Guo, Jin Yun},
     TITLE = {Coverings and truncations of graded self-injective algebras},
   JOURNAL = {J. Algebra},
  FJOURNAL = {Journal of Algebra},
    VOLUME = {355},
      YEAR = {2012},
     PAGES = {9--34},
      ISSN = {0021-8693},
   MRCLASS = {16W50},
  MRNUMBER = {2889529},
       DOI = {10.1016/j.jalgebra.2012.01.009},
       URL = {http://dx.doi.org/10.1016/j.jalgebra.2012.01.009},
}

@article {GMV02,
    AUTHOR = {Guo, Jin Yun and Mart{\'{\i}}nez-Villa, Roberto},
     TITLE = {Algebra pairs associated to {M}c{K}ay quivers},
   JOURNAL = {Comm. Algebra},
  FJOURNAL = {Communications in Algebra},
    VOLUME = {30},
      YEAR = {2002},
    NUMBER = {2},
     PAGES = {1017--1032},
      ISSN = {0092-7872},
     CODEN = {COALDM},
   MRCLASS = {20H20},
  MRNUMBER = {1883038 (2002m:20083)},
MRREVIEWER = {Dane L. Flannery},
       DOI = {10.1081/AGB-120013196},
       URL = {http://dx.doi.org/10.1081/AGB-120013196},
}

@incollection {Hap89,
    AUTHOR = {Happel, Dieter},
     TITLE = {Hochschild cohomology of finite-dimensional algebras},
 BOOKTITLE = {S\'eminaire d'{A}lg\`ebre {P}aul {D}ubreil et {M}arie-{P}aul
              {M}alliavin, 39\`eme {A}nn\'ee ({P}aris, 1987/1988)},
    SERIES = {Lecture Notes in Math.},
    VOLUME = {1404},
     PAGES = {108--126},
 PUBLISHER = {Springer, Berlin},
      YEAR = {1989},
   MRCLASS = {16E40 (16E10 16G20 16P10 16S80 16W50)},
  MRNUMBER = {1035222 (91b:16012)},
MRREVIEWER = {Claude Cibils},
       DOI = {10.1007/BFb0084073},
       URL = {http://dx.doi.org/10.1007/BFb0084073},
}

@article {Hap01,
	AUTHOR = {Happel, Dieter},
	TITLE = {A characterization of hereditary categories with tilting
	object},
	JOURNAL = {Invent. Math.},
	FJOURNAL = {Inventiones Mathematicae},
	VOLUME = {144},
	YEAR = {2001},
	NUMBER = {2},
	PAGES = {381--398},
	ISSN = {0020-9910},
	MRCLASS = {18E30 (16G70)},
	MRNUMBER = {1827736},
	MRREVIEWER = {M. Teply},
	DOI = {10.1007/s002220100135},
	URL = {http://dx.doi.org/10.1007/s002220100135},
}

@book {Har77,
	AUTHOR = {Hartshorne, Robin},
	TITLE = {Algebraic geometry},
	NOTE = {Graduate Texts in Mathematics, No. 52},
	PUBLISHER = {Springer-Verlag, New York-Heidelberg},
	YEAR = {1977},
	PAGES = {xvi+496},
	ISBN = {0-387-90244-9},
	MRCLASS = {14-01},
	MRNUMBER = {0463157},
	MRREVIEWER = {Robert Speiser},
}

@ARTICLE{Her14,
	author = {{Herscovich}, Estanislao.},
	title = "{Hochschild (co)homology and Koszul duality}",
	journal = {preprint arXiv: 1405.2247},
	archivePrefix = "arXiv",
	eprint = {1405.2247},
	primaryClass = "math.KT",
	keywords = {Mathematics - K-Theory and Homology, 16E40, 16E45, 16S37, 16W50, 18G55},
	year = 2014,
	month = may,
	adsurl = {http://adsabs.harvard.edu/abs/2014arXiv1405.2247H},
	adsnote = {Provided by the SAO/NASA Astrophysics Data System}
}

@misc{HIMO14,
Author = {Martin Herschend and Osamu Iyama and Hiroyuki Minamoto and Steffen Oppermann},
Title = {Representation theory of Geigle-Lenzing complete intersections},
Year = {2014},
Eprint = {arXiv:1409.0668},
}

@article {HIO14,
    AUTHOR = {Herschend, Martin and Iyama, Osamu and Oppermann, Steffen},
     TITLE = {{$n$}-representation infinite algebras},
   JOURNAL = {Adv. Math.},
  FJOURNAL = {Advances in Mathematics},
    VOLUME = {252},
      YEAR = {2014},
     PAGES = {292--342},
      ISSN = {0001-8708},
   MRCLASS = {16G70},
  MRNUMBER = {3144232},
MRREVIEWER = {Chao Zhang},
       DOI = {10.1016/j.aim.2013.09.023},
       URL = {http://dx.doi.org/10.1016/j.aim.2013.09.023},
 
}

@article {Her78,
    AUTHOR = {Herzog, J\"{u}rgen},
     TITLE = {Ringe mit nur endlich vielen {I}somorphieklassen von
              maximalen, unzerlegbaren {C}ohen-{M}acaulay-{M}oduln},
   JOURNAL = {Math. Ann.},
  FJOURNAL = {Mathematische Annalen},
    VOLUME = {233},
      YEAR = {1978},
    NUMBER = {1},
     PAGES = {21--34},
      ISSN = {0025-5831},
   MRCLASS = {13H10 (14M05)},
  MRNUMBER = {0463155},
MRREVIEWER = {Ernst Kunz},
       DOI = {10.1007/BF01351494},
       URL = {https://doi.org/10.1007/BF01351494},
}

@article {KN12,
    AUTHOR = {Kurano, Kazuhiko and Nishi, Shougo},
     TITLE = {Gorenstein isolated quotient singularities of odd prime
              dimension are cyclic},
   JOURNAL = {Comm. Algebra},
  FJOURNAL = {Communications in Algebra},
    VOLUME = {40},
      YEAR = {2012},
    NUMBER = {8},
     PAGES = {3010--3020},
      ISSN = {0092-7872},
     CODEN = {COALDM},
   MRCLASS = {13A50 (14B05)},
  MRNUMBER = {2968927},
MRREVIEWER = {Karl Schwede},
       DOI = {10.1080/00927872.2011.584338},
       URL = {http://dx.doi.org/10.1080/00927872.2011.584338},
       
}


@article {KY18,
	AUTHOR = {Kalck, Martin and Yang, Dong},
	TITLE = {Derived categories of graded gentle one-cycle algebras.},
	JOURNAL = {J. Pure Appl. Algebra},
	YEAR = {2018},
	PAGES = {3005--3035},
	
}
@article {Ito94,
    AUTHOR = {Ito, Yukari},
     TITLE = {Crepant resolution of trihedral singularities},
   JOURNAL = {Proc. Japan Acad. Ser. A Math. Sci.},
  FJOURNAL = {Japan Academy. Proceedings. Series A. Mathematical Sciences},
    VOLUME = {70},
      YEAR = {1994},
    NUMBER = {5},
     PAGES = {131--136},
      ISSN = {0386-2194},
     CODEN = {PJAADT},
   MRCLASS = {14E15},
  MRNUMBER = {1291167},
MRREVIEWER = {Vincent Cossart},
       URL = {http://projecteuclid.org/euclid.pja/1195511048},
}

@incollection {IR96,
    AUTHOR = {Ito, Yukari and Reid, Miles},
     TITLE = {The {M}c{K}ay correspondence for finite subgroups of {${\rm
              SL}(3,\bold C)$}},
 BOOKTITLE = {Higher-dimensional complex varieties ({T}rento, 1994)},
     PAGES = {221-240},
 PUBLISHER = {de Gruyter, Berlin},
      YEAR = {1996},
   MRCLASS = {14E15 (14F45 14L30)},
  MRNUMBER = {1463181 (98i:14018)},
MRREVIEWER = {Nicolas Pouyanne},
}

@article {Iya07a,
	AUTHOR = {Iyama, Osamu},
	TITLE = {Auslander correspondence},
	JOURNAL = {Adv. Math.},
	FJOURNAL = {Advances in Mathematics},
	VOLUME = {210},
	YEAR = {2007},
	NUMBER = {1},
	PAGES = {51--82},
	ISSN = {0001-8708},
	MRCLASS = {16G10 (16E10)},
	MRNUMBER = {2298820},
	MRREVIEWER = {Changchang Xi},
	DOI = {10.1016/j.aim.2006.06.003},
	URL = {http://dx.doi.org/10.1016/j.aim.2006.06.003},
}

@article {Iya07b,
    AUTHOR = {Iyama, Osamu},
     TITLE = {Higher-dimensional {A}uslander-{R}eiten theory on maximal
              orthogonal subcategories},
   JOURNAL = {Adv. Math.},
  FJOURNAL = {Advances in Mathematics},
    VOLUME = {210},
      YEAR = {2007},
    NUMBER = {1},
     PAGES = {22--50},
      ISSN = {0001-8708},
     CODEN = {ADMTA4},
   MRCLASS = {16E30 (16G70)},
  MRNUMBER = {2298819},
MRREVIEWER = {Cristi{\'a}n Novoa},
       DOI = {10.1016/j.aim.2006.06.002},
       URL = {http://dx.doi.org/10.1016/j.aim.2006.06.002},
}

@article {IO11,
    AUTHOR = {Iyama, Osamu and Oppermann, Steffen},
     TITLE = {{$n$}-representation-finite algebras and {$n$}-{APR} tilting},
   JOURNAL = {Trans. Amer. Math. Soc.},
  FJOURNAL = {Transactions of the American Mathematical Society},
    VOLUME = {363},
      YEAR = {2011},
    NUMBER = {12},
     PAGES = {6575--6614},
      ISSN = {0002-9947},
     CODEN = {TAMTAM},
   MRCLASS = {16G20 (16E35 16G70)},
  MRNUMBER = {2833569},
MRREVIEWER = {Lidia Angeleri H{\"u}gel},
       DOI = {10.1090/S0002-9947-2011-05312-2},
       URL = {http://dx.doi.org/10.1090/S0002-9947-2011-05312-2},
}

@article {IO13,
    AUTHOR = {Iyama, Osamu and Oppermann, Steffen},
     TITLE = {Stable categories of higher preprojective algebras},
   JOURNAL = {Adv. Math.},
  FJOURNAL = {Advances in Mathematics},
    VOLUME = {244},
      YEAR = {2013},
     PAGES = {23--68},
      ISSN = {0001-8708},
   MRCLASS = {16G20 (16E35 16E65)},
  MRNUMBER = {3077865},
MRREVIEWER = {Liyu Liu},
       DOI = {10.1016/j.aim.2013.03.013},
       URL = {http://dx.doi.org/10.1016/j.aim.2013.03.013},
}

@article {IT13,
    AUTHOR = {Iyama, Osamu and Takahashi, Ryo},
     TITLE = {Tilting and cluster tilting for quotient singularities},
   JOURNAL = {Math. Ann.},
  FJOURNAL = {Mathematische Annalen},
    VOLUME = {356},
      YEAR = {2013},
    NUMBER = {3},
     PAGES = {1065--1105},
      ISSN = {0025-5831},
   MRCLASS = {13C14 (13C60 13D09 16G50)},
  MRNUMBER = {3063907},
MRREVIEWER = {Dolors Herbera},
       DOI = {10.1007/s00208-012-0842-9},
       URL = {http://dx.doi.org/10.1007/s00208-012-0842-9},
}

@article {Kel11,
    AUTHOR = {Keller, Bernhard},
     TITLE = {Deformed {C}alabi-{Y}au completions},
      NOTE = {With an appendix by Michel Van den Bergh},
   JOURNAL = {J. Reine Angew. Math.},
  FJOURNAL = {Journal f\"ur die Reine und Angewandte Mathematik. [Crelle's
              Journal]},
    VOLUME = {654},
      YEAR = {2011},
     PAGES = {125--180},
      ISSN = {0075-4102},
     CODEN = {JRMAA8},
   MRCLASS = {18E30 (13F60 16E35 16E45 18E35 18G10)},
  MRNUMBER = {2795754 (2012j:18018)},
MRREVIEWER = {Gregoire Dupont},
       DOI = {10.1515/CRELLE.2011.031},
       URL = {http://dx.doi.org/10.1515/CRELLE.2011.031},
}


@article {KR07,
    AUTHOR = {Keller, Bernhard and Reiten, Idun},
     TITLE = {Cluster-tilted algebras are {G}orenstein and stably
              {C}alabi-{Y}au},
   JOURNAL = {Adv. Math.},
  FJOURNAL = {Advances in Mathematics},
    VOLUME = {211},
      YEAR = {2007},
    NUMBER = {1},
     PAGES = {123--151},
      ISSN = {0001-8708},
     CODEN = {ADMTA4},
   MRCLASS = {18E30 (16D90 18G10 18G40)},
  MRNUMBER = {2313531 (2008b:18018)},
MRREVIEWER = {Andrey Yu. Lazarev},
       DOI = {10.1016/j.aim.2006.07.013},
       URL = {http://dx.doi.org/10.1016/j.aim.2006.07.013},
}

@article {KST07,
    AUTHOR = {Kajiura, Hiroshige and Saito, Kyoji and Takahashi, Atsushi},
     TITLE = {Matrix factorization and representations of quivers. {II}.
              {T}ype {$ADE$} case},
   JOURNAL = {Adv. Math.},
  FJOURNAL = {Advances in Mathematics},
    VOLUME = {211},
      YEAR = {2007},
    NUMBER = {1},
     PAGES = {327--362},
      ISSN = {0001-8708},
     CODEN = {ADMTA4},
   MRCLASS = {16G20 (14F05)},
  MRNUMBER = {2313537},
MRREVIEWER = {Angela Holtmann},
       DOI = {10.1016/j.aim.2006.08.005},
       URL = {http://dx.doi.org/10.1016/j.aim.2006.08.005},
}

@article {KV00,
    AUTHOR = {Kapranov, M. and Vasserot, E.},
     TITLE = {Kleinian singularities, derived categories and {H}all
              algebras},
   JOURNAL = {Math. Ann.},
  FJOURNAL = {Mathematische Annalen},
    VOLUME = {316},
      YEAR = {2000},
    NUMBER = {3},
     PAGES = {565--576},
      ISSN = {0025-5831},
     CODEN = {MAANA},
   MRCLASS = {14F05 (14J17 14L30 18E30 19A49 32S25)},
  MRNUMBER = {1752785},
MRREVIEWER = {I. Dolgachev},
       DOI = {10.1007/s002080050344},
       URL = {http://dx.doi.org/10.1007/s002080050344},
}

@article {KST09,
    AUTHOR = {Kajiura, Hiroshige and Saito, Kyoji and Takahashi, Atsushi},
     TITLE = {Triangulated categories of matrix factorizations for regular
              systems of weights with {$\epsilon=-1$}},
   JOURNAL = {Adv. Math.},
  FJOURNAL = {Advances in Mathematics},
    VOLUME = {220},
      YEAR = {2009},
    NUMBER = {5},
     PAGES = {1602--1654},
      ISSN = {0001-8708},
     CODEN = {ADMTA4},
   MRCLASS = {18E30 (13H10 14B05 14J33 16G70)},
  MRNUMBER = {2493621},
MRREVIEWER = {Apostolos D. Beligiannis},
       DOI = {10.1016/j.aim.2008.11.001},
       URL = {http://dx.doi.org/10.1016/j.aim.2008.11.001},
}

@article {Kra,
	AUTHOR = {Kraehmer, Ulrich},
	TITLE = {Notes on Koszul algebras}
}

@article {Kin94,
	AUTHOR = {King, A. D.},
	TITLE = {Moduli of representations of finite-dimensional algebras},
	JOURNAL = {Quart. J. Math. Oxford Ser. (2)},
	FJOURNAL = {The Quarterly Journal of Mathematics. Oxford. Second Series},
	VOLUME = {45},
	YEAR = {1994},
	NUMBER = {180},
	PAGES = {515--530},
	ISSN = {0033-5606},
	MRCLASS = {16G10 (14D25)},
	MRNUMBER = {1315461},
	DOI = {10.1093/qmath/45.4.515},
	URL = {https://doi.org/10.1093/qmath/45.4.515},
}

@BOOK{Kle84,
  TITLE = {Vorlesungen \"uber das Ikosaeder und die Aufl\"osung der Gleichungen vom f\"unften Grade},
  AUTHOR = {Klein, Felix},
  YEAR = {1884}, 
  PUBLISHER = {Leipzig B.G. Teubner},
}
	
@article {Len97,
	AUTHOR = {Lenzing, Helmut},
	TITLE = {Hereditary {N}oetherian categories with a tilting complex},
	JOURNAL = {Proc. Amer. Math. Soc.},
	FJOURNAL = {Proceedings of the American Mathematical Society},
	VOLUME = {125},
	YEAR = {1997},
	NUMBER = {7},
	PAGES = {1893--1901},
	ISSN = {0002-9939},
	MRCLASS = {16G10},
	MRNUMBER = {1423314},
	MRREVIEWER = {Dieter Happel},
	DOI = {10.1090/S0002-9939-97-04122-1},
	URL = {http://dx.doi.org/10.1090/S0002-9939-97-04122-1},
}

@incollection {Len07,
	AUTHOR = {Lenzing, Helmut},
	TITLE = {Hereditary categories},
	BOOKTITLE = {Handbook of tilting theory},
	SERIES = {London Math. Soc. Lecture Note Ser.},
	VOLUME = {332},
	PAGES = {105--146},
	PUBLISHER = {Cambridge Univ. Press, Cambridge},
	YEAR = {2007},
	MRCLASS = {18E10 (14F05 16G10)},
	MRNUMBER = {2384609},
	MRREVIEWER = {Lidia Angeleri H\"ugel},
	DOI = {10.1017/CBO9780511735134.006},
	URL = {http://dx.doi.org/10.1017/CBO9780511735134.006},
}

@article {LP99,
	AUTHOR = {Lenzing, Helmut and de la Pe\~na, Jos\'e Antonio},
	TITLE = {Concealed-canonical algebras and separating tubular families},
	JOURNAL = {Proc. London Math. Soc. (3)},
	FJOURNAL = {Proceedings of the London Mathematical Society. Third Series},
	VOLUME = {78},
	YEAR = {1999},
	NUMBER = {3},
	PAGES = {513--540},
	ISSN = {0024-6115},
	MRCLASS = {16G20 (14H60 16G70)},
	MRNUMBER = {1674837},
	MRREVIEWER = {Hagen Meltzer},
	DOI = {10.1112/S0024611599001872},
	URL = {http://dx.doi.org/10.1112/S0024611599001872},
}

@article {LP11,
    AUTHOR = {Lenzing, Helmut and de la Pe{\~n}a, Jos{\'e} A.},
     TITLE = {Extended canonical algebras and {F}uchsian singularities},
   JOURNAL = {Math. Z.},
  FJOURNAL = {Mathematische Zeitschrift},
    VOLUME = {268},
      YEAR = {2011},
    NUMBER = {1-2},
     PAGES = {143--167},
      ISSN = {0025-5874},
     CODEN = {MAZEAX},
   MRCLASS = {16G60 (14J17 16E20 16E35)},
  MRNUMBER = {2805427},
       DOI = {10.1007/s00209-010-0663-z},
       URL = {http://dx.doi.org/10.1007/s00209-010-0663-z},
}

@book {LW12,
    AUTHOR = {Leuschke, Graham J. and Wiegand, Roger},
     TITLE = {Cohen-{M}acaulay representations},
    SERIES = {Mathematical Surveys and Monographs},
    VOLUME = {181},
 PUBLISHER = {American Mathematical Society, Providence, RI},
      YEAR = {2012},
     PAGES = {xviii+367},
      ISBN = {978-0-8218-7581-0},
   MRCLASS = {13C14 (13H10 16G10)},
  MRNUMBER = {2919145},
MRREVIEWER = {Geoffrey D. Dietz},
       DOI = {10.1090/surv/181},
       URL = {http://dx.doi.org/10.1090/surv/181},
}

@incollection {LW13,
    AUTHOR = {Leuschke, Graham J. and Wiegand, Roger},
     TITLE = {Brauer-{T}hrall theory for maximal {C}ohen-{M}acaulay modules},
 BOOKTITLE = {Commutative algebra},
     PAGES = {577--592},
 PUBLISHER = {Springer, New York},
      YEAR = {2013},
   MRCLASS = {13C14},
  MRNUMBER = {3051386},
MRREVIEWER = {J. K. Verma},
       DOI = {10.1007/978-1-4614-5292-8_18},
       URL = {http://dx.doi.org/10.1007/978-1-4614-5292-8_18},
}

@article {Mck83,
    AUTHOR = {McKay, John},
     TITLE = {Graphs, singularities and finite groups},
      NOTE = {Translated from the English by S. A. Syskin},
   JOURNAL = {Uspekhi Mat. Nauk},
  FJOURNAL = {Akademiya Nauk SSSR i Moskovskoe Matematicheskoe Obshchestvo.
              Uspekhi Matematicheskikh Nauk},
    VOLUME = {38},
      YEAR = {1983},
    NUMBER = {3(231)},
     PAGES = {159--162},
      ISSN = {0042-1316},
   MRCLASS = {20C99 (05C25 14B05 17B10)},
  MRNUMBER = {704640},
}

@book {Mil17,
	AUTHOR = {Milne, J. S.},
	TITLE = {Algebraic groups},
	SERIES = {Cambridge Studies in Advanced Mathematics},
	VOLUME = {170},
	NOTE = {The theory of group schemes of finite type over a field},
	PUBLISHER = {Cambridge University Press, Cambridge},
	YEAR = {2017},
	PAGES = {xvi+644},
	ISBN = {978-1-107-16748-3},
	MRCLASS = {14L15 (17B45 20-01 20Dxx 20G40)},
	MRNUMBER = {3729270},
	DOI = {10.1017/9781316711736},
	URL = {https://doi.org/10.1017/9781316711736},
}

@article {Min12,
    AUTHOR = {Minamoto, Hiroyuki},
     TITLE = {Ampleness of two-sided tilting complexes},
   JOURNAL = {Int. Math. Res. Not. IMRN},
  FJOURNAL = {International Mathematics Research Notices. IMRN},
      YEAR = {2012},
    NUMBER = {1},
     PAGES = {67--101},
      ISSN = {1073-7928},
   MRCLASS = {16E35 (14A22 16G60)},
  MRNUMBER = {2874928},
MRREVIEWER = {Adam Nyman},
}

@article {MM11,
    AUTHOR = {Minamoto, Hiroyuki and Mori, Izuru},
     TITLE = {The structure of {AS}-{G}orenstein algebras},
   JOURNAL = {Adv. Math.},
  FJOURNAL = {Advances in Mathematics},
    VOLUME = {226},
      YEAR = {2011},
    NUMBER = {5},
     PAGES = {4061--4095},
      ISSN = {0001-8708},
     CODEN = {ADMTA4},
   MRCLASS = {16S38 (16D90 16E35)},
  MRNUMBER = {2770441},
       DOI = {10.1016/j.aim.2010.11.004},
       URL = {http://dx.doi.org/10.1016/j.aim.2010.11.004},
}

@article {MS84,
    AUTHOR = {Morrison, David R. and Stevens, Glenn},
     TITLE = {Terminal quotient singularities in dimensions three and four},
   JOURNAL = {Proc. Amer. Math. Soc.},
  FJOURNAL = {Proceedings of the American Mathematical Society},
    VOLUME = {90},
      YEAR = {1984},
    NUMBER = {1},
     PAGES = {15--20},
      ISSN = {0002-9939},
     CODEN = {PAMYAR},
   MRCLASS = {14B05 (14J30 14J35)},
  MRNUMBER = {722406},
MRREVIEWER = {Jonathan M. Wahl},
       DOI = {10.2307/2044659},
       URL = {http://dx.doi.org/10.2307/2044659},
}

@book {Muk03,
	AUTHOR = {Mukai, Shigeru},
	TITLE = {An introduction to invariants and moduli},
	SERIES = {Cambridge Studies in Advanced Mathematics},
	VOLUME = {81},
	NOTE = {Translated from the 1998 and 2000 Japanese editions by W. M.
	Oxbury},
	PUBLISHER = {Cambridge University Press, Cambridge},
	YEAR = {2003},
	PAGES = {xx+503},
	ISBN = {0-521-80906-1},
	MRCLASS = {14-02 (14D20 14L24 14L30)},
	MRNUMBER = {2004218},
	MRREVIEWER = {Arvid Siqveland},
}

@book {MFK94,
	AUTHOR = {Mumford, D. and Fogarty, J. and Kirwan, F.},
	TITLE = {Geometric invariant theory},
	SERIES = {Ergebnisse der Mathematik und ihrer Grenzgebiete (2) [Results
	in Mathematics and Related Areas (2)]},
	VOLUME = {34},
	EDITION = {Third},
	PUBLISHER = {Springer-Verlag, Berlin},
	YEAR = {1994},
	PAGES = {xiv+292},
	ISBN = {3-540-56963-4},
	MRCLASS = {14D25 (58E05 58F05)},
	MRNUMBER = {1304906},
	MRREVIEWER = {Yi Hu},
	DOI = {10.1007/978-3-642-57916-5},
	URL = {https://doi.org/10.1007/978-3-642-57916-5},
}

@incollection {Orl09,
    AUTHOR = {Orlov, Dmitri},
     TITLE = {Derived categories of coherent sheaves and triangulated
              categories of singularities},
 BOOKTITLE = {Algebra, arithmetic, and geometry: in honor of {Y}u. {I}.
              {M}anin. {V}ol. {II}},
    SERIES = {Progr. Math.},
    VOLUME = {270},
     PAGES = {503--531},
 PUBLISHER = {Birkh\"auser Boston, Inc., Boston, MA},
      YEAR = {2009},
   MRCLASS = {14F05 (14B05 16E35 18E30 81T30)},
  MRNUMBER = {2641200 (2011c:14050)},
MRREVIEWER = {Yasunari Nagai},
       DOI = {10.1007/978-0-8176-4747-6_16},
       URL = {http://dx.doi.org/10.1007/978-0-8176-4747-6_16},
}

@book {PP05,
	AUTHOR = {Polishchuk, Alexander and Positselski, Leonid},
	TITLE = {Quadratic algebras},
	SERIES = {University Lecture Series},
	VOLUME = {37},
	PUBLISHER = {American Mathematical Society, Providence, RI},
	YEAR = {2005},
	PAGES = {xii+159},
	ISBN = {0-8218-3834-2},
	MRCLASS = {16S37 (16E30)},
	MRNUMBER = {2177131},
	MRREVIEWER = {Ralf Fr\"oberg},
	URL = {https://doi.org/10.1090/ulect/037},
}

@article {RVdB89,
    AUTHOR = {Reiten, Idun and Van den Bergh, Michel},
     TITLE = {Two-dimensional tame and maximal orders of finite
              representation type},
   JOURNAL = {Mem. Amer. Math. Soc.},
  FJOURNAL = {Memoirs of the American Mathematical Society},
    VOLUME = {80},
      YEAR = {1989},
    NUMBER = {408},
     PAGES = {viii+72},
      ISSN = {0065-9266},
     CODEN = {MAMCAU},
   MRCLASS = {16A18 (16A48 16A64)},
  MRNUMBER = {978602 (90b:16009)},
MRREVIEWER = {Alfred G. Wiedemann},
       DOI = {10.1090/memo/0408},
       URL = {http://dx.doi.org/10.1090/memo/0408},
}

@incollection {Rei08,
	AUTHOR = {Reineke, Markus},
	TITLE = {Moduli of representations of quivers},
	BOOKTITLE = {Trends in representation theory of algebras and related
	topics},
	SERIES = {EMS Ser. Congr. Rep.},
	PAGES = {589--637},
	PUBLISHER = {Eur. Math. Soc., Z\"{u}rich},
	YEAR = {2008},
	MRCLASS = {16G20},
	MRNUMBER = {2484736},
	MRREVIEWER = {Martin Herschend},
	DOI = {10.4171/062-1/14},
	URL = {https://doi.org/10.4171/062-1/14},
}

@book {Rin84,
	AUTHOR = {Ringel, Claus Michael},
	TITLE = {Tame algebras and integral quadratic forms},
	SERIES = {Lecture Notes in Mathematics},
	VOLUME = {1099},
	PUBLISHER = {Springer-Verlag, Berlin},
	YEAR = {1984},
	PAGES = {xiii+376},
	ISBN = {3-540-13905-2},
	MRCLASS = {16A64 (11E81 16A46)},
	MRNUMBER = {774589},
	MRREVIEWER = {Yu. A. Drozd},
	DOI = {10.1007/BFb0072870},
	URL = {http://dx.doi.org/10.1007/BFb0072870},
}

@incollection {Rin98,
    AUTHOR = {Ringel, Claus Michael},
     TITLE = {The preprojective algebra of a quiver},
 BOOKTITLE = {Algebras and modules, {II} ({G}eiranger, 1996)},
    SERIES = {CMS Conf. Proc.},
    VOLUME = {24},
     PAGES = {467--480},
 PUBLISHER = {Amer. Math. Soc., Providence, RI},
      YEAR = {1998},
   MRCLASS = {16G20 (16G70)},
  MRNUMBER = {1648647},
MRREVIEWER = {Zygmunt Pogorza{\l}y},
}

@incollection {Rin90,
	AUTHOR = {Ringel, Claus Michael},
	TITLE = {The canonical algebras},
	BOOKTITLE = {Topics in algebra, {P}art 1 ({W}arsaw, 1988)},
	SERIES = {Banach Center Publ.},
	VOLUME = {26},
	PAGES = {407--432},
	NOTE = {With an appendix by William Crawley-Boevey},
	PUBLISHER = {PWN, Warsaw},
	YEAR = {1990},
	MRCLASS = {16G10 (16G70)},
	MRNUMBER = {1171247},
	MRREVIEWER = {H\'ector A. Merklen},
}

@article {Ser55,
    AUTHOR = {Serre, Jean-Pierre},
     TITLE = {Faisceaux alg\'ebriques coh\'erents},
   JOURNAL = {Ann. of Math. (2)},
  FJOURNAL = {Annals of Mathematics. Second Series},
    VOLUME = {61},
      YEAR = {1955},
     PAGES = {197--278},
      ISSN = {0003-486X},
   MRCLASS = {14.0X},
  MRNUMBER = {0068874 (16,953c)},
MRREVIEWER = {C. Chevalley},
}

@misc{Thi16,
Author = {Louis-Philippe Thibault},
Title = {Preprojective algebra structure on Skew-group algebras},
Year = {2016},
Eprint = {arXiv:1603.04324},
}

@article {Ued08,
    AUTHOR = {Ueda, Kazushi},
     TITLE = {Triangulated categories of {G}orenstein cyclic quotient
              singularities},
   JOURNAL = {Proc. Amer. Math. Soc.},
  FJOURNAL = {Proceedings of the American Mathematical Society},
    VOLUME = {136},
      YEAR = {2008},
    NUMBER = {8},
     PAGES = {2745--2747},
      ISSN = {0002-9939},
   MRCLASS = {18E30 (14B05 16G20)},
  MRNUMBER = {2399037 (2009h:18024)},
MRREVIEWER = {Rita Zuazua},
       DOI = {10.1090/S0002-9939-08-09470-7},
       URL = {http://dx.doi.org/10.1090/S0002-9939-08-09470-7},
}

@article {Ued12,
    AUTHOR = {Ueda, Kazushi},
     TITLE = {On graded stable derived categories of isolated {G}orenstein
              quotient singularities},
   JOURNAL = {J. Algebra},
  FJOURNAL = {Journal of Algebra},
    VOLUME = {352},
      YEAR = {2012},
     PAGES = {382--391},
      ISSN = {0021-8693},
     CODEN = {JALGA4},
   MRCLASS = {16E35},
  MRNUMBER = {2862194},
MRREVIEWER = {Nan Gao},
       DOI = {10.1016/j.jalgebra.2011.11.034},
       URL = {http://dx.doi.org/10.1016/j.jalgebra.2011.11.034},
}

@book {Wei94,
    AUTHOR = {Weibel, Charles A.},
     TITLE = {An introduction to homological algebra},
    SERIES = {Cambridge Studies in Advanced Mathematics},
    VOLUME = {38},
 PUBLISHER = {Cambridge University Press, Cambridge},
      YEAR = {1994},
     PAGES = {xiv+450},
      ISBN = {0-521-43500-5; 0-521-55987-1},
   MRCLASS = {18-01 (16-01 17-01 20-01 55Uxx)},
  MRNUMBER = {1269324},
MRREVIEWER = {Kenneth A. Brown},
       DOI = {10.1017/CBO9781139644136},
       URL = {http://dx.doi.org/10.1017/CBO9781139644136},
}

@book {Wit,
	AUTHOR = {Witherspoon, Sarah},
	TITLE = {An introduction to Hochschild Cohomology},	
}

}

@article {Y18,
	AUTHOR = {Yang, Dong},
	TITLE = {The derived category of an algebra with radical square zero.},
	JOURNAL = {Comm. Algebra},
	YEAR = {2018},
	PAGES = {727--739},
}




