@book {CMR,
    AUTHOR = {Leuschke, Graham J. and Wiegand, Roger},
     TITLE = {Cohen-{M}acaulay representations},
    SERIES = {Mathematical Surveys and Monographs},
    VOLUME = {181},
 PUBLISHER = {American Mathematical Society, Providence, RI},
      YEAR = {2012},
     PAGES = {xviii+367},
      ISBN = {978-0-8218-7581-0},
   MRCLASS = {13C14 (13H10 16G10)},
  MRNUMBER = {2919145},
MRREVIEWER = {Geoffrey D. Dietz},
       DOI = {10.1090/surv/181},
       URL = {https://doi.org/10.1090/surv/181},
}

@book {RCG,
    AUTHOR = {James, Gordon and Liebeck, Martin},
     TITLE = {Representations and characters of groups},
   EDITION = {Second},
 PUBLISHER = {Cambridge University Press, New York},
      YEAR = {2001},
     PAGES = {viii+458},
      ISBN = {0-521-00392-X},
   MRCLASS = {20C15 (20-01)},
  MRNUMBER = {1864147},
       DOI = {10.1017/CBO9780511814532},
       URL = {https://doi.org/10.1017/CBO9780511814532},
}

@article {IyTa,
    AUTHOR = {Iyama, Osamu and Takahashi, Ryo},
     TITLE = {Tilting and cluster tilting for quotient singularities},
   JOURNAL = {Math. Ann.},
  FJOURNAL = {Mathematische Annalen},
    VOLUME = {356},
      YEAR = {2013},
    NUMBER = {3},
     PAGES = {1065--1105},
      ISSN = {0025-5831},
   MRCLASS = {13C14 (13C60 13D09 16G50)},
  MRNUMBER = {3063907},
MRREVIEWER = {Dolors Herbera},
       DOI = {10.1007/s00208-012-0842-9},
       URL = {https://doi.org/10.1007/s00208-012-0842-9},
}

@book {Serre,
    AUTHOR = {Serre, Jean-Pierre},
     TITLE = {Local fields},
    SERIES = {Graduate Texts in Mathematics},
    VOLUME = {67},
      NOTE = {Translated from the French by Marvin Jay Greenberg},
 PUBLISHER = {Springer-Verlag, New York-Berlin},
      YEAR = {1979},
     PAGES = {viii+241},
      ISBN = {0-387-90424-7},
   MRCLASS = {12Bxx},
  MRNUMBER = {554237},
}

@misc{stacks-project,
  author       = {The {Stacks project authors}},
  title        = {The Stacks project},
  howpublished = {\url{https://stacks.math.columbia.edu}},
  year         = {2019},
}

@misc{Carrasco,
    title        = {Finite Subgroups of {$SL(2, \mathbb{C})$} and {$SL(3, \mathbb{C})$}},
    author       = {Carrasco Serrano, Javier},
    year         = {2014}, 
    howpublished = {\url{http://homepages.warwick.ac.uk/~masda/McKay/Carrasco_Project.pdf}},
    Publisher    = {The University of Warwick}, 
}

@misc{kleinian,
    title        = {Kleinian Singularities},
    author       = {Bocklandt, Raf},
    year         = {????}, 
    howpublished = {\url{https://staff.fnwi.uva.nl/r.r.j.bocklandt/notes/kleinian.pdf}},
    Publisher    = {Universiteit van Amsterdam}, 
}